% Encoding: UTF-8

@Misc{Mojang2016,
  author        = {Mojang},
  title         = {{Minecraft Official}},
  year          = {2016},
  url           = {https://minecraft.net/pt-br/},
  urlaccessdate = {12 out. 2016},
}

@Book{Huizinga2014,
  title     = {Homo Ludens: O Jogo como Elemento da Cultura},
  publisher = {Perspectiva},
  year      = {2014},
  author    = {Huizinga, Johan},
  address   = {São Paulo},
  edition   = {8},
}

@Book{SalenZimmerman2012,
  title     = {Regras do jogo: fundamentos do design de jogos},
  publisher = {Blucher},
  year      = {2012},
  author    = {Salen, Kate and Zimmerman, Eric},
  volume    = {1: Principais Conceitos},
  address   = {São Paulo},
  isbn		= {9788521206262},
}

@Misc{Newzoo2019,
  author        = {Newzoo},
  title         = {Most played core PC games},
  year          = {2019},
  url           = {https://newzoo.com/insights/rankings/top-20-core-pc-games},
  urlaccessdate = {22 mai. 2019},
}

@InProceedings{Brandao2006,
  author    = {Brandao, Carlos},
  title     = {A pesquisa participante e a participação na pesquisa: um olhar entre tempos e espaços a partir da América Latina},
  booktitle = {Pesquisa participante: a partilha do saber},
  year      = {2006},
  pages     = {17-54},
  address   = {Aparecida},
  publisher = {Ideias e Letras},
    editor    = {Brandao, Carlos and Streck, Danilo},
  editortype = {Org.},  
}

@Article{Deterding2011,
  author  = {Deterding, Sebastian and Dixon, Dan and Khaled, Rilla and Nacke, Lennart},
  title   = {From Game Design Elements to Gamefulness: defining gamification},
  journal = {MindTrek 2011},
  year    = {2011},
}

@Misc{Imgur2013,
  author        = {Imgur},
  title         = {{The King's Landing}},
  year          = {2013},
  url           = {https://imgur.com/a/XfCkQ},
  urlaccessdate = {12 abr. 2018},
}